@Book{DH73,
  added-at = {2008-09-16T23:39:07.000+0200},
  address = {New York},
  author = {Duda, R. O. and Hart, P. E.},
  biburl = {http://www.bibsonomy.org/bibtex/228d10e6b477065dedd970c9d3cbb4ff0/brian.mingus},
  booktitle = {Pattern classification and scene analysis},
  description = {CCNLab BibTeX},
  interhash = {b67a0d8f706c8cec908d83df62d3cf2f},
  intrahash = {28d10e6b477065dedd970c9d3cbb4ff0},
  keywords = {nnets},
  publisher = {John Wiley},
  timestamp = {2008-09-16T23:39:07.000+0200},
  title = {Pattern classification and scene analysis},
  year = 1973
}

% Teorema de Bayes
@Article{Bayes01011763,
author = {Bayes, Mr. and Price, Mr.}, 
title = {An Essay towards Solving a Problem in the Doctrine of Chances. By the Late Rev. Mr. Bayes, F. R. S. Communicated by Mr. Price, in a Letter to John Canton, A. M. F. R. S.}, 
volume = {53}, 
pages = {370-418}, 
year = {1763}, 
doi = {10.1098/rstl.1763.0053}, 
URL = {http://rstl.royalsocietypublishing.org/content/53/370.short}, 
eprint = {http://rstl.royalsocietypublishing.org/content/53/370.full.pdf+html}, 
journal = {Philosophical Transactions} 
}

% Primer dispositiu de classificació de símbols manuscrits
@Misc{Goldberg1914,
 author = {Hyman Eli Goldberg},
 title = {Controller},
 year = {1914},
 howpublished = {US Patent 1,117,184}
}

% Primer sistema de classificació de símbols utilitzant ordinadors
@article{10.1109/AFIPS.1957.60,
author = {T. L. Dimond},
title = {Devices for Reading Handwritten Characters},
journal ={Managing Requirements Knowledge, International Workshop on},
volume = {0},
isbn = {},
year = {1957},
pages = {232},
doi = {http://doi.ieeecomputersociety.org/10.1109/AFIPS.1957.60},
publisher = {IEEE Computer Society},
address = {Los Alamitos, CA, USA},
}

% Primer sistema de reconeixement de text de parules completes
@article{Harmon1962,
  title={Handwriting reader recognizes whole words},
  author={Harmon, LD},
  journal={Electronics (August 1962)},
  year={1962}
}